
@article{yin2025godelagent,
  author    = {Xiang Yin and others},
  title     = {Gödel Agent: Self-Reflective Code Generation with LLMs},
  journal   = {CHAI Research},
  year      = {2025}
}

@article{schmidhuber2003godel,
  author    = {J{\"u}rgen Schmidhuber},
  title     = {Gödel Machines: Fully Self-Referential Optimal Universal Self-Improvers},
  journal   = {arXiv preprint cs.LO/0309048},
  year      = {2003}
}

@article{zelikman2023stop,
  author    = {Eric Zelikman and others},
  title     = {STOP: Self-Taught Optimizing Programs},
  journal   = {NeurIPS},
  year      = {2023}
}

@article{goertzel2021paraconsistent,
  author    = {Ben Goertzel},
  title     = {Paraconsistent Logic and Cognitive Architecture},
  journal   = {AGI Conference Proceedings},
  year      = {2021}
}

@article{yuan2024selfrewarding,
  author    = {Jing Yuan and others},
  title     = {Self-Rewarding Language Models},
  journal   = {arXiv preprint arXiv:2404.XXXX},
  year      = {2024}
}

@article{deepmind2025alphaevolve,
  author    = {DeepMind},
  title     = {AlphaEvolve: Meta-Gradient Evolution of Kernels},
  journal   = {DeepMind Technical Report},
  year      = {2025}
}

@book{hofstadter1979geb,
  author    = {Douglas Hofstadter},
  title     = {Gödel, Escher, Bach: An Eternal Golden Braid},
  publisher = {Basic Books},
  year      = {1979}
}

@article{godel1931incompleteness,
  author    = {Kurt Gödel},
  title     = {On Formally Undecidable Propositions of Principia Mathematica and Related Systems I},
  journal   = {Monatshefte für Mathematik und Physik},
  year      = {1931}
}

@article{curryhoward,
  author    = {William A. Howard},
  title     = {The formulae-as-types notion of construction},
  journal   = {To H.B. Curry: Essays on Combinatory Logic, Lambda Calculus and Formalism},
  year      = {1980}
}

@article{martinlof1984intuitionistic,
  author    = {Per Martin-Löf},
  title     = {Intuitionistic Type Theory},
  journal   = {Bibliopolis},
  year      = {1984}
}

@inproceedings{robeyns2025sica,
  author       = {Maxime Robeyns and Martin Szummer and Laurence Aitchison},
  title        = {A Self‑Improving Coding Agent (SICA)},
  booktitle    = {ICLR 2025 Workshop on Scaling Self‑Improving Foundation Models},
  year         = {2025},
  url          = {https://arxiv.org/abs/2504.15228},
  note         = {Preprint},
}

@article{madaan2023selfrefine,
  title     = {Self-Refine: Iterative Refinement with Self-Feedback},
  author    = {Aman Madaan and Saad Shafqat and Xinyun Chen and Jacob Andreas and Luke Zettlemoyer and Yonatan Bisk and Sameer Singh and Ludwig Schmidt},
  journal   = {arXiv preprint arXiv:2303.17651},
  year      = {2023},
  url       = {https://arxiv.org/abs/2303.17651}
}

@article{saunshi2025looped,
  title     = {Looped Transformers for Reasoning},
  author    = {Saunshi, Nikunj and others},
  journal   = {ICLR 2025 (forthcoming)},
  year      = {2025},
  note      = {X Post: https://twitter.com/NSaunshi/status/1765040347388485770}
}

@article{kirsch2022selfmeta,
  title     = {Eliminating Meta Optimization through Self-Referential Meta Learning},
  author    = {Kirsch, L. and Schmidhuber, J.},
  journal   = {arXiv preprint arXiv:2212.14392},
  year      = {2022},
  url       = {https://arxiv.org/abs/2212.14392}
}

@article{dinu2024symbolicai,
  title     = {SymbolicAI: A Framework for Logic-Based Approaches Combining Generative Models and Solvers},
  author    = {Dinu, Marius-Constantin and Leoveanu-Condrei, Claudiu and Holzleitner, Markus and Zellinger, Werner and Hochreiter, Sepp},
  journal   = {arXiv preprint arXiv:2402.00854},
  year      = {2024},
  url       = {https://arxiv.org/abs/2402.00854}
}

@article{colelough2025review,
  title     = {Neuro-Symbolic AI in 2024: A Systematic Review},
  author    = {Colelough, Brandon C. and Amin, Sharmeen and Zhang, Kai and Patel, Rohan and Liang, Percy},
  journal   = {arXiv preprint arXiv:2501.05435},
  year      = {2025},
  url       = {https://arxiv.org/abs/2501.05435}
}

